@inproceedings{ager-functional,
  author        = {Ager, Mads Sig and Biernacki, Dariusz and Danvy, Olivier and Midtgaard, Jan},
  title         = {A Functional Correspondence between Evaluators and Abstract Machines},
  booktitle     = {Proceedings of the 5th ACM SIGPLAN International Conference on Principles and Practice of Declaritive Programming},
  series        = {PPDP '03},
  year          = {2003},
  pages         = {8--19},
  isbn          = {1581137052},
  memo          = {https://doi.org/10.1145/888251.888254},
  doi           = {10.1145/888251.888254},
  publisher     = {ACM},
  address       = {New York, NY, USA},
  location      = {Uppsala, Sweden},
}

@article{ahman-fibred,
  author        = {Ahman, Danel},
  title         = {Handling Fibred Algebraic Effects},
  journal       = {Proc. ACM Program. Lang.},
  issue_date    = {January 2018},
  volume        = {2},
  number        = {POPL},
  month         = dec,
  year          = {2017},
  issn          = {2475-1421},
  pages         = {7:1--7:29},
  articleno     = {7},
  numpages      = {29},
  memo          = {http://doi.acm.org/10.1145/3158095},
  doi           = {10.1145/3158095},
  publisher     = {ACM},
  address       = {New York, NY, USA}
}

@article{ariola-type,
  title         = {A type-theoretic foundation of delimited continuations},
  author        = {Ariola, Zena M and Herbelin, Hugo and Sabry, Amr},
  journal       = {Higher-order and symbolic computation},
  volume        = {22},
  number        = {3},
  pages         = {233--273},
  year          = {2009},
  publisher     = {Springer}
}

@inproceedings{asai-polymorphic,
  author       = {Asai, Kenichi and Kameyama, Yukiyoshi},
  title        = {Polymorphic Delimited Continuations},
  booktitle    = {Proceedings of the 5th Asian Conference on Programming Languages and Systems},
  series       = {APLAS'07},
  year         = {2007},
  isbn         = {3-540-76636-7, 978-3-540-76636-0},
  location     = {Singapore},
  pages        = {239--254},
  numpages     = {16},
  memo         = {http://dl.acm.org/citation.cfm?id=1784774.1784797},
  acmid        = {1784797},
  publisher    = {Springer-Verlag},
  address      = {Berlin, Heidelberg}
}

@article{asai-printf,
  title        = {On typing delimited continuations: three new solutions to the printf problem},
  author       = {Asai, Kenichi},
  journal      = {Higher-Order and Symbolic Computation},
  volume       = {22},
  number       = {3},
  pages        = {275--291},
  year         = {2009},
  publisher    = {Springer}
}

@inproceedings{asai-introsr,
  title        = {Introduction to programming with shift and reset},
  author       = {Asai, Kenichi and Kiselyov, Oleg},
  booktitle    = {ACM SIGPLAN Continuation Workshop 2011},
  series       = {CW '11},
  year         = {2011}
}

@inproceedings{asai-selective,
  author       = {Asai, Kenichi and Uehara, Chihiro},
  title        = {Selective {CPS} Transformation for Shift and Reset},
  booktitle    = {Proceedings of the ACM SIGPLAN Workshop on Partial Evaluation and Program Manipulation},
  series       = {PEPM '18},
  pages        = {40--52},
  year         = {2017},
  month        = {dec},
  isbn         = {9781450355872},
  memo         = {https://doi.org/10.1145/3162069},
  doi          = {10.1145/3162069},
  publisher    = {ACM},
  address      = {New York, NY, USA},
  location     = {Los Angeles, CA, USA}
}

@misc{asai-trail,
  title        = {A Functional Abstraction of Typed Trails},
  author       = {Asai, Kenichi and Cong, Youyou and Ishio, Chiaki},
  howpublished = {Short paper presented at the ACM SIGPLAN Workshop on
                  Partial Evaluation and Program Manipulation (PEPM 2021)},
  memo         = {https://popl21.sigplan.org/details/pepm-2021-papers/4/A-Functional-Abstraction-of-Typed-Trails},
  year         = {2021}
}

@article{atkey-param,
  author = {Atkey, Robert},
  title = {Parameterised Notions of Computation},
  journal = {J. Funct. Program.},
  volume = {19},
  number = {3-4},
  pages = {335--376},
  year = {2009},
  month = jul,
  issn = {0956-7968},
  memo= {https://doi.org/10.1017/S095679680900728X},
  doi = {10.1017/S095679680900728X},
  publisher = {Cambridge University Press},
  address = {USA}
}

@inproceedings{barker-cw,
  title        = {Continuations in natural language},
  author       = {Barker, Chris},
  booktitle    = {ACM SIGPLAN Continuations Workshop 2004},
  series       = {CW '04},
  pages        = {1--11},
  year         = {2004}
}

@article{barthe-cps,
  title        = {CPS translations and applications: the cube and beyond},
  author       = {Barthe, Gilles and Hatcliff, John and S{\o}rensen, Morten Heine B},
  journal      = {Higher-Order and Symbolic Computation},
  volume       = {12},
  number       = {2},
  pages        = {125--170},
  year         = {1999},
  publisher    = {Springer}
}

@inproceedings{bauer-effsys,
  author       = {Bauer, Andrej and Pretnar, Matija},
  editor       = {Heckel, Reiko and Milius, Stefan},
  title        = {An Effect System for Algebraic Effects and Handlers},
  booktitle    = {Algebra and Coalgebra in Computer Science},
  year         = {2013},
  publisher    = {Springer Berlin Heidelberg},
  address      = {Berlin, Heidelberg},
  pages        = {1--16}
}

@article{bauer-tutorial,
  title        = {Programming with algebraic effects and handlers},
  author       = {Bauer, Andrej and Pretnar, Matija},
  journal      = {Journal of Logical and Algebraic Methods in Programming},
  volume       = {84},
  number       = {1},
  pages        = {108--123},
  year         = {2015},
  publisher    = {Elsevier}
}

@article{biernacka-operational,
  title        = {An operational foundation for delimited continuations in the {CPS} hierarchy},
  author       = {Biernacka, Malgorzata and Biernacki, Dariusz and Danvy, Olivier},
  journal      = {Logical Methods in Computer Science},
  volume       = {1},
  issue        = {2},
  year         = {2005}
}

@inproceedings{biernacka-termination,
  author       = {Biernacka, Malgorzata and Biernacki, Dariusz},
  title        = {Context-Based Proofs of Termination for Typed Delimited-Control Operators},
  booktitle    = {Proceedings of the 11th ACM SIGPLAN Conference on Principles and Practice of Declarative Programming},
  series       = {PPDP '09},
  year         = {2009},
  isbn         = {9781605585680},
  memo         = {https://doi.org/10.1145/1599410.1599446},
  doi          = {10.1145/1599410.1599446},
  pages        = {289--300},
  publisher    = {ACM},
  address      = {New York, NY, USA},
  location     = {Coimbra, Portugal},
}

@article{biernacki-bft,
  title        = {On the static and dynamic extents of delimited continuations},
  author       = {Biernacki, Dariusz and Danvy, Olivier and Shan, Chung-chieh},
  journal      = {Science of Computer Programming},
  volume       = {60},
  number       = {3},
  pages        = {274--297},
  year         = {2006},
  publisher    = {Elsevier}
}

@article{biernacki-brics,
  title        = {A dynamic continuation-passing style for dynamic delimited continuations},
  author       = {Biernacki, Dariusz and Danvy, Olivier and Millikin, Kevin},
  journal      = {BRICS Report Series},
  volume       = {13},
  number       = {15},
  year         = {2006}
}

@article{biernacki-toplas,
  author       = {Biernacki, Dariusz and Danvy, Olivier and Millikin, Kevin},
  title        = {A Dynamic Continuation-Passing Style for Dynamic Delimited Continuations},
  journal      = {ACM Trans. Program. Lang. Syst.},
  volume       = {38},
  number       = {1},
  articleno    = {2},
  year         = {2015},
  month        = oct,
  issn         = {0164-0925},
  memo         = {https://doi.org/10.1145/2794078},
  doi          = {10.1145/2794078},
  publisher    = {ACM},
  address      = {New York, NY, USA}
}

@article{biernacki-care,
  author       = {Biernacki, Dariusz and Pir\'{o}g, Maciej and Polesiuk, Piotr and Sieczkowski, Filip},
  title        = {Handle with Care: Relational Interpretation of Algebraic Effects and Handlers},
  journal      = {Proc. ACM Program. Lang.},
  issue_date   = {January 2018},
  volume       = {2},
  number       = {POPL},
  month        = dec,
  year         = {2017},
  issn         = {2475-1421},
  pages        = {8:1--8:30},
  articleno    = {8},
  numpages     = {30},
  memo         = {http://doi.acm.org/10.1145/3158096},
  doi          = {10.1145/3158096},
  publisher    = {ACM},
  address      = {New York, NY, USA}
}

@article{biernacki-abstracting,
  author       = {Biernacki, Dariusz and Pir\'{o}g, Maciej and Polesiuk, Piotr and Sieczkowski, Filip},
  title        = {Abstracting Algebraic Effects},
  journal      = {Proc. ACM Program. Lang.},
  issue_date   = {January 2019},
  volume       = {3},
  number       = {POPL},
  month        = jan,
  year         = {2019},
  issn         = {2475-1421},
  pages        = {6:1--6:28},
  articleno    = {6},
  numpages     = {28},
  memo         = {http://doi.acm.org/10.1145/3290319},
  doi          = {10.1145/3290319},
  publisher    = {ACM},
  address      = {New York, NY, USA}
}

@article{biernacki-binder,
  author       = {Biernacki, Dariusz and Pir\'{o}g, Maciej and Polesiuk, Piotr and Sieczkowski, Filip},
  title        = {Binders by Day, Labels by Night: Effect Instances via Lexically Scoped Handlers},
  journal      = {Proc. ACM Program. Lang.},
  issue_date   = {January 2020},
  volume       = {4},
  number       = {POPL},
  month        = dec,
  year         = {2019},
  pages        = {48:1--48:29},
  articleno    = {48},
  numpages     = {29},
  memo         = {https://doi.org/10.1145/3371116},
  doi          = {10.1145/3371116},
  publisher    = {ACM},
  address      = {New York, NY, USA}
}

@inproceedings{biernacki-ccs,
 author        = {Biernacki, Dariusz and Pyzik, Mateusz and Sieczkowski, Filip},
 title         = {A Reflection on Continuation-Composing Style},
 booktitle     = {Proceedings of 5th International Conference on Formal Structures for Computation and Deduction},
  series       = {FSCD '20},
  year         = {2020},
  publisher    = {Schloss Dagstuhl--Leibniz-Zentrum fuer Informatik}
}

@inbook{biernacki-stack,
  author       = {Biernacki, Dariusz and Pyzik, Mateusz and Sieczkowski, Filip},
  title        = {Reflecting Stacked Continuations in a Fine-Grained Direct-Style Reduction Theory},
  year         = {2021},
  isbn         = {9781450386890},
  publisher    = {Association for Computing Machinery},
  address      = {New York, NY, USA},
  doi          = {10.1145/3479394.3479399},
  booktitle    = {23rd International Symposium on Principles and Practice of Declarative Programming},
  series       = {PPDP '21},
  articleno    = {4},
  numpages     = {13}
}

@article{bowman-cpssigma,
  author       = {Bowman, William J. and Cong, Youyou and Rioux, Nick and Ahmed, Amal},
  title        = {Type-preserving {CPS} Translation of {$\Sigma$} and {$\Pi$} Types is Not Not Possible},
  journal      = {Proc. ACM Program. Lang.},
  issue_date   = {January 2018},
  volume       = {2},
  number       = {POPL},
  month        = dec,
  year         = {2017},
  issn         = {2475-1421},
  pages        = {22:1--22:33},
  articleno    = {22},
  numpages     = {33},
  memo         = {http://doi.acm.org/10.1145/3158110},
  doi          = {10.1145/3158110},
  publisher    = {ACM},
  address      = {New York, NY, USA}
}

@inproceedings{brachthauser-effekt,
  author       = {Brachth\"{a}user, Jonathan Immanuel and Schuster, Philipp},
  title        = {Effekt: Extensible Algebraic Effects in Scala (Short Paper)},
  booktitle    = {Proceedings of the 8th ACM SIGPLAN International Symposium on Scala},
  series       = {SCALA 2017},
  year         = {2017},
  isbn         = {978-1-4503-5529-2},
  location     = {Vancouver, BC, Canada},
  pages        = {67--72},
  numpages     = {6},
  memo         = {http://doi.acm.org/10.1145/3136000.3136007},
  doi          = {10.1145/3136000.3136007},
  acmid        = {3136007},
  publisher    = {ACM},
  address      = {New York, NY, USA}
}

@article{brachthauser-mass,
  author       = {Brachth\"{a}user, Jonathan Immanuel and Schuster, Philipp and Ostermann, Klaus},
  title        = {Effect Handlers for the Masses},
  journal      = {Proc. ACM Program. Lang.},
  issue_date   = {November 2018},
  volume       = {2},
  number       = {OOPSLA},
  month        = nov,
  year         = {2018},
  issn         = {2475-1421},
  pages        = {111:1--111:27},
  articleno    = {111},
  numpages     = {27},
  memo         = {http://doi.acm.org/10.1145/3276481},
  //doi          = {10.1145/3276481},
  publisher    = {ACM},
  address      = {New York, NY, USA}
}

@article{brachthauser-lightweight,
  author       = {Brachth\"{a}user, Jonathan Immanuel and Schuster, Philipp and Ostermann, Klaus},
  title        = {Effects as Capabilities: Effect Handlers and Lightweight Effect Polymorphism},
  year         = {2020},
  issue_date   = {November 2020},
  publisher    = {Association for Computing Machinery},
  address      = {New York, NY, USA},
  volume       = {4},
  number       = {OOPSLA},
  //url          = {https://doi.org/10.1145/3428194},
  doi          = {10.1145/3428194},
  journal      = {Proc. ACM Program. Lang.},
  month        = {nov},
  articleno    = {126},
  numpages     = {30}
}

@inproceedings{brady-idris,
  author       = {Brady, Edwin},
  title        = {Programming and Reasoning with Algebraic Effects and Dependent Types},
  booktitle    = {Proceedings of the 18th ACM SIGPLAN International Conference on Functional Programming},
  series       = {ICFP '13},
  year         = {2013},
  isbn         = {978-1-4503-2326-0},
  location     = {Boston, Massachusetts, USA},
  pages        = {133--144},
  numpages     = {12},
  memo         = {http://doi.acm.org/10.1145/2500365.2500581},
  doi          = {10.1145/2500365.2500581},
  publisher    = {ACM},
  address      = {New York, NY, USA}
}

@inproceedings{chang-macro,
  author       = {Chang, Stephen and Knauth, Alex and Greenman, Ben},
  title        = {Type Systems As Macros},
  booktitle    = {Proceedings of the 44th ACM SIGPLAN Symposium on Principles of Programming Languages},
  series       = {POPL '17},
  year         = {2017},
  isbn         = {978-1-4503-4660-3},
  location     = {Paris, France},
  pages        = {694--705},
  numpages     = {12},
  memo         = {http://doi.acm.org/10.1145/3009837.3009886},
  doi          = {10.1145/3009837.3009886},
  publisher    = {ACM},
  address      = {New York, NY, USA}
}

@article{chang-depmacro,
 author        = {Chang, Stephen and Ballentyne, Michael and Turner, Milo and Bowman, William J.},
 title         = {Dependent Type Systems as Macros},
 journal       = {Proc. ACM Program. Lang.},
 issue_date    = {January 2020},
 volume        = {3},
 number        = {POPL},
 month         = dec,
 year          = {2019},
 issn          = {2475-1421},
 pages         = {3:1--3:29},
 articleno     = {3},
 numpages      = {29},
 memo          = {http://doi.acm.org/10.1145/3371071},
 doi           = {10.1145/3371071},
 publisher     = {ACM},
 address       = {New York, NY, USA}
}

@inproceedings{coquand-pattern,
  title        = {Pattern matching with dependent types},
  author       = {Coquand, Thierry},
  booktitle    = {Proceedings of the Third Workshop on Logical Frameworks},
  editors      = {Nordstr\"om, Bengt and Petersson, Kent and Plotkin, Gordon},
  year         = {1992}
}

@article{cong-depshift,
  author       = {Cong, Youyou and Asai, Kenichi},
  title        = {Handling Delimited Continuations with Dependent Types},
  journal      = {Proc. ACM Program. Lang.},
  issue_date   = {September 2018},
  volume       = {2},
  number       = {ICFP},
  month        = jul,
  year         = {2018},
  issn         = {2475-1421},
  pages        = {69:1--69:31},
  articleno    = {69},
  numpages     = {31},
  memo         = {http://doi.acm.org/10.1145/3236764},
  doi          = {10.1145/3236764},
  publisher    = {ACM},
  address      = {New York, NY, USA}
}

@inproceedings{cong-control,
  author       = {Cong, Youyou and Ishio, Chiaki and Honda, Kaho and Asai, Kenichi},
  title        = {{A Functional Abstraction of Typed Invocation Contexts}},
  booktitle    = {6th International Conference on Formal Structures for Computation and Deduction (FSCD 2021)},
  pages        = {12:1--12:18},
  series       = {Leibniz International Proceedings in Informatics (LIPIcs)},
  ISBN         = {978-3-95977-191-7},
  ISSN         = {1868-8969},
  year         = {2021},
  volume       = {195},
  editor       = {Kobayashi, Naoki},
  publisher    = {Schloss Dagstuhl -- Leibniz-Zentrum f{\"u}r Informatik},
  address      = {Dagstuhl, Germany},
  URL          = {https://drops.dagstuhl.de/opus/volltexte/2021/14250},
  URN          = {urn:nbn:de:0030-drops-142507},
  doi          = {10.4230/LIPIcs.FSCD.2021.12}
}

@misc{danvy-context,
  title        = {A functional abstraction of typed contexts},
  author       = {Danvy, Olivier and Filinski, Andrzej},
  howpublished = {BRICS 89/12},
  year         = {1989},
  month        = aug
}

@inproceedings{danvy-abstracting,
  title        = {Abstracting control},
  author       = {Danvy, Olivier and Filinski, Andrzej},
  booktitle    = {Proceedings of the 1990 ACM conference on LISP and functional programming},
  pages        = {151--160},
  year         = {1990},
  organization = {ACM}
}

@inproceedings{danvy-tdpe,
  title        = {Type-directed partial evaluation},
  author       = {Danvy, Olivier},
  booktitle    = {Proceedings of the 23rd ACM SIGPLAN-SIGACT Symposium on Principles of Programming Languages},
  series       = {POPL '96},
  pages        = {242--257},
  year         = {1996},
  organization = {ACM}
}

@inproceedings{danvy-assessing,
  title        = {Assessing the Overhead of {ML} Exceptions by Selective {CPS}},
  author       = {Danvy, Olivier and Kim, Jung-taek and Danvy, O and Yi, Kwangkeun},
  booktitle    = {Proceedings of the 1998 ACM SIGPLAN Workshop on ML},
  year         = {1998}
}

@article{dyvbig-monadic,
  author       = {Dyvbig, R. Kent and Peyton Jones, Simon and Sabry, Amr},
  title        = {A Monadic Framework for Delimited Continuations},
  journal      = {J. Funct. Program.},
  issue_date   = {November 2007},
  volume       = {17},
  number       = {6},
  month        = nov,
  year         = {2007},
  issn         = {0956-7968},
  pages        = {687--730},
  numpages     = {44},
  memo         = {http://dx.doi.org/10.1017/S0956796807006259},
  doi          = {10.1017/S0956796807006259},
  acmid        = {1317179},
  publisher    = {Cambridge University Press},
  address      = {New York, NY, USA}
}

@inproceedings{felleisen-prompt,
  author       = {Felleisen, Mattias},
  title        = {The Theory and Practice of First-class Prompts},
  booktitle    = {Proceedings of the 15th ACM SIGPLAN-SIGACT Symposium on Principles of Programming Languages},
  series       = {POPL '88},
  year         = {1988},
  isbn         = {0-89791-252-7},
  location     = {San Diego, California, USA},
  pages        = {180--190},
  numpages     = {11},
  memo         = {http://doi.acm.org/10.1145/73560.73576},
  doi          = {10.1145/73560.73576},
  acmid        = {73576},
  publisher    = {ACM},
  address      = {New York, NY, USA}
}

@inproceedings{felleisen-macro,
  author       = {Felleisen, Matthias},
  title        = {On the Expressive Power of Programming Languages},
  booktitle    = {Selected Papers from the Symposium on 3rd European Symposium on Programming},
  series       = {ESOP '90},
  year         = {1991},
  pages        = {35--75},
  numpages     = {41},
  memo         = {http://dl.acm.org/citation.cfm?id=138490.138493},
  acmid        = {138493},
  publisher    = {Elsevier North-Holland, Inc.},
  address      = {New York, NY, USA}
}

@inproceedings{filinski-representing,
  author       = {Filinski, Andrzej},
  title        = {Representing Monads},
  booktitle    = {Proceedings of the 21st ACM SIGPLAN-SIGACT Symposium on Principles of Programming Languages},
  series       = {POPL '94},
  year         = {1994},
  isbn         = {0-89791-636-0},
  location     = {Portland, Oregon, USA},
  pages        = {446--457},
  numpages     = {12},
  memo         = {http://doi.acm.org/10.1145/174675.178047},
  doi          = {10.1145/174675.178047},
  publisher    = {ACM},
  address      = {New York, NY, USA}
}

@inproceedings{flatt-production,
  author       = {Flatt, Matthew and Yu, Gang and Findler, Robert Bruce and Felleisen, Matthias},
  title        = {Adding Delimited and Composable Control to a Production Programming Environment},
  booktitle    = {Proceedings of the 12th ACM SIGPLAN International Conference on Functional Programming},
  series       = {ICFP '07},
  year         = {2007},
  isbn         = {978-1-59593-815-2},
  location     = {Freiburg, Germany},
  pages        = {165--176},
  numpages     = {12},
  memo         = {http://doi.acm.org/10.1145/1291151.1291178},
  doi          = {10.1145/1291151.1291178},
  publisher    = {ACM},
  address      = {New York, NY, USA}
}

@article{forster-macro,
  author       = {Forster, Yannick and Kammar, Ohad and Lindley, Sam and Pretnar, Matija},
  title        = {On the Expressive Power of User-defined Effects: Effect Handlers, Monadic Reflection, Delimited Control},
  journal      = {Proc. ACM Program. Lang.},
  issue_date   = {September 2017},
  volume       = {1},
  number       = {ICFP},
  month        = aug,
  year         = {2017},
  issn         = {2475-1421},
  pages        = {13:1--13:29},
  articleno    = {13},
  numpages     = {29},
  memo         = {http://doi.acm.org/10.1145/3110257},
  doi          = {10.1145/3110257},
  acmid        = {3110257},
  publisher    = {ACM},
  address      = {New York, NY, USA}
}

@article{forster-jfp, 
  title        = {On the expressive power of user-defined effects: Effect handlers, monadic reflection, delimited control}, 
  volume       = {29}, 
  DOI          = {10.1017/S0956796819000121}, 
  journal      = {Journal of Functional Programming}, 
  publisher    = {Cambridge University Press}, 
  author       = {Forster, Yannick and Kammar, Ohad and Lindley, Sam and Pretnar, Matija},
  year         = {2019}, 
  pages        = {e15}
}

@inproceedings{gunter-cupto,
  author       = {Gunter, Carl A. and R{\'e}my, Didier and Riecke, Jon G.},
  title        = {A Generalization of Exceptions and Control in {ML}-like Languages},
  booktitle    = {Proceedings of the Seventh International Conference on Functional Programming Languages and Computer Architecture},
  series       = {FPCA '95},
  year         = {1995},
  isbn         = {0-89791-719-7},
  location     = {La Jolla, California, USA},
  pages        = {12--23},
  numpages     = {12},
  memo         = {http://doi.acm.org/10.1145/224164.224173},
  doi          = {10.1145/224164.224173},
  publisher    = {ACM},
  address      = {New York, NY, USA},
}


@inproceedings{hillerstrom-links,
 author        = {Hillerstr\"{o}m, Daniel and Lindley, Sam},
 title         = {Liberating Effects with Rows and Handlers},
 booktitle     = {Proceedings of the 1st International Workshop on Type-Driven Development},
 series        = {TyDe 2016},
 year          = {2016},
 isbn          = {978-1-4503-4435-7},
 location      = {Nara, Japan},
 pages         = {15--27},
 numpages      = {13},
 memo          = {http://doi.acm.org/10.1145/2976022.2976033},
 doi           = {10.1145/2976022.2976033},
 publisher     = {ACM},
 address       = {New York, NY, USA}
}

@inproceedings{hillerstrom-cps,
  title        = {Continuation passing style for effect handlers},
  author       = {Hillerstr{\"o}m, Daniel and Lindley, Sam and Atkey, Robert and Sivaramakrishnan, KC},
  booktitle    = {Proceedings of 2nd International Conference on Formal Structures for Computation and Deduction},
  series       = {FSCD '17},
  pages        = {18:1--18:19},
  articleno    = {18},
  year         = {2017},
  publisher    = {Schloss Dagstuhl--Leibniz-Zentrum fuer Informatik}
}

@article{hillerstrom-jfp,
  title        = {Effect Handlers via Generalised Continuations},
  author       = {Hillerstr\"{o}m, Daniel and Lindley, Sam and Atkey, Robert},
  journal      = {Journal of Functional Programming},
  volume       = {30},
  doi          = {10.1017/S0956796820000040},
  year         = {2020},
  publisher    = {Cambridge University Press}
}

@inproceedings{hillerstrom-shallow,
  title        = {Shallow effect handlers},
  author       = {Hillerstr{\"o}m, Daniel and Lindley, Sam},
  booktitle    = {Asian Symposium on Programming Languages and Systems},
  series       = {APLAS '18},
  pages        = {415--435},
  year         = {2018},
  organization = {Springer}
}

@inproceedings{inostroza-jeff,
  title        = {JEff: objects for effect},
  author       = {Inostroza, Pablo and van der Storm, Tijs},
  booktitle    = {Proceedings of the 2018 ACM SIGPLAN International Symposium on New Ideas, New Paradigms, and Reflections on Programming and Software},
  series       = {Onward! '18},
  pages        = {111--124},
  year         = {2018}
}

@inproceedings{kameyama-dynamic,
  title        = {Typed dynamic control operators for delimited continuations},
  author       = {Kameyama, Yukiyoshi and Yonezawa, Takuo},
  booktitle    = {International Symposium on Functional and Logic Programming},
  series       = {FLOPS '08},
  pages        = {239--254},
  year         = {2008},
  organization = {Springer}
}

@inproceedings{kameyama-axiom,
  title        = {A sound and complete axiomatization of delimited continuations},
  author       = {Kameyama, Yukiyoshi and Hasegawa, Masahito},
  booktitle    = {Proceedings of the 8th ACM SIGPLAN International Conference on Functional Programming},
  series       = {ICFP '03},
  pages        = {177--188},
  year         = {2003},
  publisher    = {ACM}
}

@inproceedings{kammar-handler,
  author       = {Kammar, Ohad and Lindley, Sam and Oury, Nicolas},
  title        = {Handlers in Action},
  booktitle    = {Proceedings of the 18th ACM SIGPLAN International Conference on Functional Programming},
  series       = {ICFP '13},
  year         = {2013},
  isbn         = {978-1-4503-2326-0},
  location     = {Boston, Massachusetts, USA},
  pages        = {145--158},
  numpages     = {14},
  memo         = {http://doi.acm.org/10.1145/2500365.2500590},
  doi          = {10.1145/2500365.2500590},
  acmid        = {2500590},
  publisher    = {ACM},
  address      = {New York, NY, USA}
}

@article{kammar-noval,
  title        = {No value restriction is needed for algebraic effects and handlers},
  author       = {Kammar, Ohad and Pretnar, Matija},
  journal      = {Journal of Functional Programming},
  volume       = {27},
  year         = {2017},
  publisher    = {Cambridge University Press}
}

@article{karachalias-efficient,
  author       = {Karachalias, Georgios and Koprivec, Filip and Pretnar, Matija and Schrijvers, Tom},
  title        = {Efficient Compilation of Algebraic Effect Handlers},
  year         = {2021},
  issue_date   = {October 2021},
  publisher    = {Association for Computing Machinery},
  address      = {New York, NY, USA},
  volume       = {5},
  number       = {OOPSLA},
  url          = {https://doi.org/10.1145/3485479},
  doi          = {10.1145/3485479},
  journal      = {Proc. ACM Program. Lang.},
  month        = {oct},
  articleno    = {102},
  numpages     = {28}
}

@inproceedings{keuchel-towards,
  author       = {Keuchel, Steven and Schrijvers, Tom},
  title        = {Towards efficient implementations of effect handlers},
  booktitle    = {The 26th International Symposia on Implementation and Application of Functional Languages},
  series       = {IFL '14}
}

@techreport{kiselyov-remove,
  title        = {How to remove a dynamic prompt: static and dynamic delimited continuation operators},
  author       = {Kiselyov, Oleg},
  institution  = {Indiana University},
  number       = {611},
  year         = {2005}
}

@inproceedings{kiselyov-substructural,
  title        = {A substructural type system for delimited continuations},
  author       = {Kiselyov, Oleg and Shan, Chung-chieh},
  booktitle    = {International Conference on Typed Lambda Calculi and Applications},
  series       = {TLCA '07},
  pages        = {223--239},
  year         = {2007},
  organization = {Springer}
}

@inproceedings{kiselyov-eff,
  title        = {Eff Directly in OCaml},
  author       = {Oleg Kiselyov and K. C. Sivaramakrishnan},
  editor       = {Asai, Kenichi and Shinwell, Mark},
  booktitle    = {Proceedings of ML/OCaml 2016},
  doi          = {10.4204/EPTCS.285.2},
  pages        = {23--58},
  year         = {2018},
}

@inproceedings{kobori-atm,
  title        = {Answer-type modification without tears: Prompt-passing style translation for typed delimited-control operators},
  author       = {Kobori, Ikuo and Kameyama, Yukiyoshi and Kiselyov, Oleg},
  booktitle    = {Electronic Proceedings in Theoretical Computer Science
  EPTCS 212 (Post-Proceedings of the Workshop on Continuations 2015)},
  pages        = {36--52},
  year         = {2016},
  month        = {June},
  doi          = {10.4204/EPTCS.212.3}
}

@inproceedings{leijen-koka,
  author       = {Leijen, Daan},
  title        = {Koka: Programming with Row Polymorphic Effect Types},
  booktitle    = {5th Workshop on Mathematically Structured Functional Programming},
  series       = {MSFP '14},
  year         = {2014},
  doi          = {10.4204/EPTCS.153.8}
}

@inproceedings{leijen-cps,
  author       = {Leijen, Daan},
  title        = {Type Directed Compilation of Row-typed Algebraic Effects},
  booktitle    = {Proceedings of the 44th ACM SIGPLAN Symposium on Principles of Programming Languages},
  series       = {POPL '17},
  year         = {2017},
  isbn         = {978-1-4503-4660-3},
  location     = {Paris, France},
  pages        = {486--499},
  numpages     = {14},
  memo         = {http://doi.acm.org/10.1145/3009837.3009872},
  doi          = {10.1145/3009837.3009872},
  publisher    = {ACM},
  address      = {New York, NY, USA}
}

@inproceedings{leijen-c,
  title        = {Implementing algebraic effects in C},
  author       = {Leijen, Daan},
  booktitle    = {Asian Symposium on Programming Languages and Systems},
  series       = {APLAS '17},
  pages        = {339--363},
  year         = {2017},
  organization = {Springer}
}

@inproceedings{letan-effcoq,
  title        = {Modular verification of programs with effects and effect handlers in coq},
  author       = {Letan, Thomas and R{\'e}gis-Gianas, Yann and Chifflier, Pierre and Hiet, Guillaume},
  booktitle    = {International Symposium on Formal Methods},
  pages        = {338--354},
  year         = {2018},
  organization = {Springer}
}

@article{levy-finegrain,
  title        = {Modelling environments in call-by-value programming languages},
  author       = {Levy, Paul Blain and Power, John and Thielecke, Hayo},
  journal      = {Information and computation},
  volume       = {185},
  number       = {2},
  pages        = {182--210},
  year         = {2003},
  publisher    = {Elsevier}
}

@book{levy-cbpv,
  title        = {{C}all-{B}y-{P}ush-{V}alue: A Functional/Imperative Synthesis},
  author       = {Levy, Paul Blain},
  year         = {2003},
  publisher    = {Springer, Dordrecht}
}

@inproceedings{lindley-frank,
  author       = {Lindley, Sam and McBride, Conor and McLaughlin, Craig},
  title        = {Do Be Do Be Do},
  booktitle    = {Proceedings of the 44th ACM SIGPLAN Symposium on Principles of Programming Languages},
  series       = {POPL '17},
  year         = {2017},
  isbn         = {978-1-4503-4660-3},
  location     = {Paris, France},
  pages        = {500--514},
  numpages     = {15},
  memo         = {http://doi.acm.org/10.1145/3009837.3009897},
  doi          = {10.1145/3009837.3009897},
  publisher    = {ACM},
  address      = {New York, NY, USA}
}

@inproceedings{lucassen-polyeff,
  author       = {Lucassen, J. M. and Gifford, D. K.},
  title        = {Polymorphic Effect Systems},
  booktitle    = {Proceedings of the 15th ACM SIGPLAN-SIGACT Symposium on Principles of Programming Languages},
  series       = {POPL '88},
  year         = {1988},
  isbn         = {0897912527},
  location     = {San Diego, California, USA},
  pages        = {47--57},
  memo         = {https://doi.org/10.1145/73560.73564},
  doi          = {10.1145/73560.73564},
  publisher    = {ACM},
  address      = {New York, NY, USA},
}

@inproceedings{masuko-ochacaml,
  title        = {{C}aml {L}ight+ shift/reset= {C}aml {S}hift},
  author       = {Masuko, Moe and Asai, Kenichi},
  booktitle    = {Theory and Practice of Delimited Continuations},
  series       = {TPDC '11},
  pages        = {33--46},
  year         = {2011}
}

@inproceedings{materzok-subtyping,
  author       = {Materzok, Marek and Biernacki, Dariusz},
  title        = {Subtyping Delimited Continuations},
  booktitle    = {Proceedings of the 16th ACM SIGPLAN International Conference on Functional Programming},
  series       = {ICFP '11},
  year         = {2011},
  isbn         = {978-1-4503-0865-6},
  location     = {Tokyo, Japan},
  pages        = {81--93},
  numpages     = {13},
  //url         = {http://doi.acm.org/10.1145/2034773.2034786},
  doi          = {10.1145/2034773.2034786},
  acmid        = {2034786},
  publisher    = {ACM},
  address      = {New York, NY, USA},
  note         = {Extended version available at \url{http://www.tilk.eu/shift0/materzok-biernacki-HOSC13.pdf}}
}

@inproceedings{materzok-hierarchy,
  title        = {A dynamic interpretation of the {CPS} hierarchy},
  author       = {Materzok, Marek and Biernacki, Dariusz},
  booktitle    = {Asian Symposium on Programming Languages and Systems},
  series       = {APLAS '12},
  pages        = {296--311},
  year         = {2012},
  organization = {Springer}
}

@inproceedings{materzok-axiom,
  title        = {Axiomatizing subtyped delimited continuations},
  author       = {Materzok, Marek},
  booktitle    = {Computer Science Logic 2013},
  series       = {CSL 2013},
  year         = {2013},
  organization = {Schloss Dagstuhl-Leibniz-Zentrum fuer Informatik}
}

@inproceedings{mcbride-motive,
  title        = {Elimination with a motive},
  author       = {McBride, Conor},
  booktitle    = {International Workshop on Types for Proofs and Programs},
  series       = {TYPES 2000},
  pages        = {197--216},
  year         = {2000},
  organization = {Springer}
}

@article{milner-polymorphism,
  title        = {A theory of type polymorphism in programming},
  author       = {Milner, Robin},
  journal      = {Journal of computer and system sciences},
  volume       = {17},
  number       = {3},
  pages        = {348--375},
  year         = {1978},
  publisher    = {Elsevier}
}

@article{miquey-dl,
  author       = {Miquey, \'{E}tienne},
  title        = {A Classical Sequent Calculus with Dependent Types},
  journal      = {ACM Trans. Program. Lang. Syst.},
  issue_date   = {June 2019},
  volume       = {41},
  number       = {2},
  month        = june,
  year         = {2019},
  issn         = {0164-0925},
  pages        = {8:1--8:47},
  articleno    = {8},
  numpages     = {47},
  memo         = {http://doi.acm.org/10.1145/3230625},
  doi          = {10.1145/3230625},
  publisher    = {ACM},
  address      = {New York, NY, USA}
}

@inproceedings{moggi-complam,
  author      = {Moggi, Eugenio},
  title       = {Computational Lambda-calculus and Monads},
  booktitle   = {Proceedings of the Fourth Annual Symposium on Logic in Computer Science},
  year        = {1989},
  isbn        = {0-8186-1954-6},
  location    = {Pacific Grove, California, USA},
  pages       = {14--23},
  numpages    = {10},
  memo        = {http://dl.acm.org/citation.cfm?id=77350.77353},
  acmid       = {77353},
  publisher   = {IEEE Press},
  address     = {Piscataway, NJ, USA}
}

@article{moggi-notion,
  author       = {Moggi, Eugenio},
  title        = {Notions of Computation and Monads},
  journal      = {Inf. Comput.},
  issue_date   = {July 1991},
  volume       = {93},
  number       = {1},
  month        = jul,
  year         = {1991},
  issn         = {0890-5401},
  pages        = {55--92},
  numpages     = {38},
  memo         = {http://dx.doi.org/10.1016/0890-5401(91)90052-4},
  doi          = {10.1016/0890-5401(91)90052-4},
  acmid        = {116984},
  publisher    = {Academic Press, Inc.},
  address      = {Duluth, MN, USA}
}

@article{nielsen-selective,
  title        = {A selective {CPS} transformation},
  author       = {Nielsen, Lasse R},
  journal      = {Electronic Notes in Theoretical Computer Science},
  volume       = {45},
  pages        = {311--331},
  year         = {2001},
  publisher    = {Elsevier}
}

@inproceedings{nielson-effsys,
  author       = {Nielson, Flemming and Nielson, Hanne Riis},
  title        = {Type and Effect Systems},
  booktitle    = {Correct System Design, Recent Insight and Advances, (to Hans Langmaack on the Occasion of His Retirement from His Professorship at the University of Kiel)},
  year         = {1999},
  isbn         = {3540666249},
  pages        = {114--136},
  publisher    = {Springer-Verlag},
  address      = {Berlin, Heidelberg}
}

@phdthesis{norell-phd,
  title        = {Towards a practical programming language based on dependent type theory},
  author       = {Norell, Ulf},
  year         = {2007},
  school       = {Chalmers University of Technology}
}

@misc{ocaml-402,
  title        = {OCaml Ver 4.02},
  memo         = {https://ocaml.org/releases/4.02.html},
  note         = {Released in 2005; accessed in 2019.}
}

@inproceedings{pirog-typedeq,
  title        = {Typed Equivalence of Effect Handlers and Delimited Control},
  author       = {Pir{\'o}g, Maciej and Polesiuk, Piotr and Sieczkowski, Filip},
  booktitle    = {4th International Conference on Formal Structures for Computation and Deduction (FSCD 2019)},
  year         = {2019},
  organization = {Schloss Dagstuhl-Leibniz-Zentrum fuer Informatik}
}

@article{plotkin-cps,
  title        = {Call-by-name, call-by-value and the $\lambda$-calculus},
  author       = {Plotkin, Gordon},
  journal      = {Theoretical computer science},
  volume       = {1},
  number       = {2},
  pages        = {125--159},
  year         = {1975},
  publisher    = {Elsevier}
}

@article{plotkin-effect,
  title        = {Algebraic operations and generic effects},
  author       = {Plotkin, Gordon and Power, John},
  journal      = {Applied categorical structures},
  volume       = {11},
  number       = {1},
  pages        = {69--94},
  year         = {2003},
  publisher    = {Springer}
}

@inproceedings{plotkin-handler,
  title        = {Handlers of algebraic effects},
  author       = {Plotkin, Gordon and Pretnar, Matija},
  booktitle    = {European Symposium on Programming},
  series       = {ESOP '09},
  pages        = {80--94},
  year         = {2009},
  organization = {Springer}
}

@inbook{remy-record,
  author       = {R\'{e}my, Didier},
  title        = {Type Inference for Records in Natural Extension of ML},
  year         = {1994},
  isbn         = {026207155X},
  publisher    = {MIT Press},
  address      = {Cambridge, MA, USA},
  booktitle    = {Theoretical Aspects of Object-Oriented Programming: Types, Semantics, and Language Design},
  pages        = {67–95},
  numpages     = {29}
}

@inproceedings{rompf-selective,
  author       = {Rompf, Tiark and Maier, Ingo and Odersky, Martin},
  title        = {Implementing First-class Polymorphic Delimited Continuations by a Type-directed Selective {CPS}-transform},
  booktitle    = {Proceedings of the 14th ACM SIGPLAN International Conference on Functional Programming},
  series       = {ICFP '09},
  year         = {2009},
  isbn         = {978-1-60558-332-7},
  location     = {Edinburgh, Scotland},
  pages        = {317--328},
  numpages     = {12},
  memo         = {http://doi.acm.org/10.1145/1596550.1596596},
  doi          = {10.1145/1596550.1596596},
  publisher    = {ACM},
  address      = {New York, NY, USA}
}

@article{sabry-reasoning,
  title        = {Reasoning about programs in continuation-passing style},
  author       = {Sabry, Amr and Felleisen, Matthias},
  journal      = {Lisp and symbolic computation},
  volume       = {6},
  number       = {3},
  pages        = {289--360},
  year         = {1993},
  publisher    = {Springer}
}

@article{sabry-reflection,
  title        = {A reflection on call-by-value},
  author       = {Sabry, Amr and Wadler, Philip},
  journal      = {ACM transactions on programming languages and systems (TOPLAS)},
  volume       = {19},
  number       = {6},
  pages        = {916--941},
  year         = {1997},
  publisher    = {ACM},
  address      = {New York, NY, USA}
}

@article{saleh-prolog,
  title        = {Efficient algebraic effect handlers for {P}rolog},
  author       = {Saleh, Amr Hany and Schrijvers, Tom},
  journal      = {Theory and Practice of Logic Programming},
  volume       = {16},
  number       = {5-6},
  pages        = {884--898},
  year         = {2016},
  publisher    = {Cambridge University Press}
}

@inproceedings{saleh-subtyping,
  title        = {Explicit effect subtyping},
  author       = {Saleh, Amr Hany and Karachalias, Georgios and Pretnar, Matija and Schrijvers, Tom},
  booktitle    = {European Symposium on Programming},
  series       = {ESOP '18},
  pages        = {327--354},
  year         = {2018},
  organization = {Cham: Springer International Publishing}
}

@article{schrijvers-prolog,
  title        = {Delimited continuations for {P}rolog},
  author       = {Schrijvers, Tom and Demoen, Bart and Desouter, Benoit and Wielemaker, Jan},
  journal      = {Theory and practice of logic programming},
  volume       = {13},
  number       = {4-5},
  pages        = {533--546},
  year         = {2013},
  publisher    = {Cambridge University Press}
}

@inproceedings{schrijvers-heuristics,
  author       = {Schrijvers, Tom and Wu, Nicolas and Desouter, Benoit and Demoen, Bart},
  title        = {Heuristics Entwined with Handlers Combined: From Functional Specification to Logic Programming Implementation},
  booktitle    = {Proceedings of the 16th International Symposium on Principles and Practice of Declarative Programming},
  series       = {PPDP '14},
  year         = {2014},
  isbn         = {978-1-4503-2947-7},
  location     = {Canterbury, United Kingdom},
  pages        = {259--270},
  numpages     = {12},
  memo         = {http://doi.acm.org/10.1145/2643135.2643145},
  doi          = {10.1145/2643135.2643145},
  acmid        = {2643145},
  publisher    = {ACM},
  address      = {New York, NY, USA}
}

@article{schuster-capability,
  author       = {Schuster, Philipp and Brachth\"{a}user, Jonathan Immanuel and Ostermann, Klaus},
  title        = {Compiling Effect Handlers in Capability-Passing Style},
  year         = {2020},
  issue_date   = {August 2020},
  publisher    = {Association for Computing Machinery},
  address      = {New York, NY, USA},
  volume       = {4},
  number       = {ICFP},
  //url          = {https://doi.org/10.1145/3408975},
  doi          = {10.1145/3408975},
  journal      = {Proc. ACM Program. Lang.},
  month        = {aug},
  articleno    = {93},
  numpages     = {28}
}

@inproceedings{sekiyama-polymorphic,
  title        = {Handling polymorphic algebraic effects},
  author       = {Sekiyama, Taro and Igarashi, Atsushi},
  booktitle    = {European Symposium on Programming},
  series       = {ESOP '19},
  pages        = {353--380},
  year         = {2019},
  organization = {Springer}
}

@article{shan-simulation,
  title        = {A static simulation of dynamic delimited control},
  author       = {Shan, Chung-chieh},
  journal      = {Higher-Order and Symbolic Computation},
  volume       = {20},
  number       = {4},
  pages        = {371--401},
  year         = {2007},
  publisher    = {Springer}
}

@inproceedings{sitaram-fcontrol,
  author       = {Sitaram, Dorai},
  title        = {Handling Control},
  booktitle    = {Proceedings of the ACM SIGPLAN 1993 Conference on Programming Language Design and Implementation},
  series       = {PLDI '93},
  year         = {1993},
  isbn         = {0-89791-598-4},
  location     = {Albuquerque, New Mexico, USA},
  pages        = {147--155},
  numpages     = {9},
  memo         = {http://doi.acm.org/10.1145/155090.155104},
  doi          = {10.1145/155090.155104},
  acmid        = {155104},
  publisher    = {ACM},
  address      = {New York, NY, USA}
}

@inproceedings{takikawa-contract,
  title        = {Constraining delimited control with contracts},
  author       = {Takikawa, Asumu and Strickland, T Stephen and Tobin-Hochstadt, Sam},
  booktitle    = {European Symposium on Programming},
  series       = {ESOP '13},
  pages        = {229--248},
  year         = {2013},
  organization = {Springer}
}

@article{thielecke-double,
  author       = {Thielecke, Hayo},
  title        = {Comparing Control Constructs by Double-Barrelled {CPS}},
  journal      = {Higher Order Symbol. Comput.},
  volume       = {15},
  number       = {2-3},
  month        = sep,
  year         = {2002},
  issn         = {1388-3690},
  pages        = {141--160},
  numpages     = {20},
  memo         = {https://doi.org/10.1023/A:1020887011500},
  doi          = {10.1023/A:1020887011500},
  acmid        = {609234},
  publisher    = {Kluwer Academic Publishers},
  address      = {Norwell, MA, USA}
}

@inproceedings{thielecke-cbv,
  author       = {Thielecke, Hayo},
  title        = {From Control Effects to Typed Continuation Passing},
  booktitle    = {Proceedings of the 30th ACM SIGPLAN-SIGACT Symposium on Principles of Programming Languages},
  series       = {POPL '03},
  year         = {2003},
  isbn         = {1-58113-628-5},
  location     = {New Orleans, Louisiana, USA},
  pages        = {139--149},
  numpages     = {11},
  memo         = {http://doi.acm.org/10.1145/604131.604144},
  doi          = {10.1145/604131.604144},
  acmid        = {604144},
  publisher    = {ACM},
  address      = {New York, NY, USA}
}

@article{tofte-polyref,
  author       = {Tofte, Mads},
  title        = {Type Inference for Polymorphic References},
  journal      = {Inf. Comput.},
  issue_date   = {Nov. 1990},
  volume       = {89},
  number       = {1},
  month        = sep,
  year         = {1990},
  issn         = {0890-5401},
  pages        = {1--34},
  numpages     = {34},
  memo         = {http://dx.doi.org/10.1016/0890-5401(90)90018-D},
  doi          = {10.1016/0890-5401(90)90018-D},
  publisher    = {Academic Press, Inc.},
  address      = {Duluth, MN, USA}
}

@article{xie-evidently,
  title        = {Effect handlers, evidently},
  author       = {Xie, Ningning and Brachth{\"a}user, Jonathan Immanuel and Hillerstr{\"o}m, Daniel and Schuster, Philipp and Leijen, Daan},
  journal      = {Proceedings of the ACM on Programming Languages},
  volume       = {4},
  number       = {ICFP},
  articleno    = {99},
  pages        = {1--29},
  memo         = {https://doi.org/10.1145/3408981},
  doi          = {10.1145/3408981},
  year         = {2020},
  publisher    = {ACM},
  address      = {New York, NY, USA}
}

@inproceedings{wadler-free,
  author       = {Wadler, Philip},
  title        = {Theorems for Free!},
  booktitle    = {Proceedings of the Fourth International Conference on Functional Programming Languages and Computer Architecture},
  series       = {FPCA '89},
  year         = {1989},
  isbn         = {0-89791-328-0},
  location     = {Imperial College, London, United Kingdom},
  pages        = {347--359},
  numpages     = {13},
  memo         = {http://doi.acm.org/10.1145/99370.99404},
  doi          = {10.1145/99370.99404},
  publisher    = {ACM},
  address      = {New York, NY, USA}
}

@article{wang-demystifying,
  title        = {Demystifying differentiable programming: Shift/reset the penultimate backpropagator},
  author       = {Wang, Fei and Zheng, Daniel and Decker, James and Wu, Xilun and Essertel, Gr{\'e}gory M and Rompf, Tiark},
  journal      = {Proceedings of the ACM on Programming Languages},
  volume       = {3},
  number       = {ICFP},
  pages        = {1--31},
  year         = {2019},
  publisher    = {ACM},
  address      = {New York, NY, USA}
}

@article{wright-syntactic,
  title        = {A syntactic approach to type soundness},
  author       = {Wright, Andrew K. and Felleisen, Matthias},
  journal      = {Information and computation},
  volume       = {115},
  number       = {1},
  pages        = {38--94},
  year         = {1994},
  publisher    = {Elsevier}
}

@inproceedings{wu-scope,
  author       = {Wu, Nicolas and Schrijvers, Tom and Hinze, Ralf},
  title        = {Effect Handlers in Scope},
  year         = {2014},
  isbn         = {9781450330411},
  publisher    = {Association for Computing Machinery},
  address      = {New York, NY, USA},
  url          = {https://doi.org/10.1145/2633357.2633358},
  doi          = {10.1145/2633357.2633358},
  booktitle    = {Proceedings of the 2014 ACM SIGPLAN Symposium on Haskell},
  pages        = {1–12},
  numpages     = {12},
  location     = {Gothenburg, Sweden},
  series       = {Haskell '14}
}

@inproceedings{wu-fusion,
  title        = {Fusion for Free - Efficient Algebraic Effect Handlers},
  author       = {Wu, Nicolas and Schrijvers, Tom},
  booktitle    = {Mathematics of Program Construction: 12th International Conference, MPC 2015, K{\"o}nigswinter, Germany, June 29--July 1, 2015. Proceedings},
  volume       = {9129},
  pages        = {302-322},
  year         = {2015},
  organization = {Springer}
}

@article{zhang-tunnel,
  author       = {Zhang, Yizhou and Myers, Andrew C.},
  title        = {Abstraction-Safe Effect Handlers via Tunneling},
  year         = {2019},
  issue_date   = {January 2019},
  publisher    = {Association for Computing Machinery},
  address      = {New York, NY, USA},
  volume       = {3},
  number       = {POPL},
  //url          = {https://doi.org/10.1145/3290318},
  doi          = {10.1145/3290318},
  journal      = {Proc. ACM Program. Lang.},
  month        = {jan},
  articleno    = {5},
  numpages     = {29},
}

@article{zhang-bidirectional,
  author       = {Zhang, Yizhou and Salvaneschi, Guido and Myers, Andrew C.},
  title        = {Handling Bidirectional Control Flow},
  year         = {2020},
  issue_date   = {November 2020},
  publisher    = {Association for Computing Machinery},
  address      = {New York, NY, USA},
  volume       = {4},
  number       = {OOPSLA},
  //url          = {https://doi.org/10.1145/3428207},
  doi          = {10.1145/3428207},
  month        = {nov},
  articleno    = {139},
  numpages     = {30}
}
